@article{forwarding,
	author = "Eric Van Wyk, Oege de Moor, Kevin Backhouse, Paul Kwiatkowski",
	title = "Forwarding in Attribute Grammars for Modular Language Design",
	journal = "Lecture Notes in Computer Science",
	volume = "2304",
	pages = "128-142",
	year = "2002",
	DOI = "http://dx.doi.org/10.1007/3-540-45937-5_11",
	keywords = "forwarding, attribute grammars, language design"
}

@article{ableC,
	author = "Ted Kaminski, Lucas Kramer, Travis Carlson, Eric Van Wyk",
	title = "Reliable and automatic composition of language extensions to C: the ableC extensible language framework",
	journal = "Proceedings of the ACM on Programming Languages",
	volume = "1",
	number = "98",
	pages = "1-29",
	year = "2017",
	DOI = "https://doi.org/10.1145/3138224",
	keywords = "ableC, extensible programming"
}

@misc{IRC,
	author = "Oikarinen, Reed",
	title = "Internet Relay Chat Protocol",
	year = "1993",
	keywords = "IRC, RFC"
}

@article{mcilroy,
	author = "M. Douglas McIlroy",
	title = "Macro instruction extensions of compiler languages",
	journal = "Communications of the ACM",
	volume = "3",
	number = "4",
	pages = "214-220",
	year = "1960",
	DOI = "https://doi.org/10.1145/367177.367223",
	keywords = "extensible programming"
}